% Encoding: windows-1252

@Preamble{ {\providecommand{\noopsort}[1]{}} }


@String { ajs    = {American Journal of Science} }
@String { amm    = {Appl. Math. Modelling} }
@String { ams    = {American Meteorological Society} }
@String { bgsa   = {Bulletin of the Geological Society of America} }
@String { blm    = {Boundary-Layer Meteorology} }
@String { ce     = {Coastal Engineering} }
@String { cej    = {Coastal Engineering in Japan} }
@String { cetiea = {Transactions of the Institution of Engineers, Australia, Civil Engineering} }
@String { cjes   = {Canadian Journal of Earth Sciences} }
@String { cma    = {Computers \& Mathematics with Applications} }
@String { cpam   = {Communications on Pure \& Applied Mathematics} }
@String { csr    = {Continental Shelf Research} }
@String { delta  = {Deltares} }
@String { dhz    = {Deutsche Hydrographische Zeitschrift} }
@String { dsr    = {Deep-Sea Research} }
@String { ecss   = {Estuarine, Coastal and Shelf Science} }
@String { envhyd = {Environmental Hydraulics} }
@String { espl   = {Earth Surface Processes and Landforms} }
@String { geol   = {Geology} }
@String { geom   = {Geomorphology} }
@String { gsab   = {Geological Society of America Bulletin} }
@String { hansa  = {HANSA International Maritime Journal} }
@String { hge    = {Hamburger Geophysikalische Einzelschriften} }
@String { hkv    = {HKV consultants, Lelystad, The Netherlands} }
@String { hyd    = {Hydrobiologica} }
@String { hyp    = {Hydrological Processes} }
@String { ijnme  = {International Journal Numerical Methods Engineering} }
@String { itice  = {I. Trans. Institution of Chemical Engineers} }
@String { jamtc  = {Journal of Advances in Marine Technology Conference} }
@String { jas    = {Journal of Atmospheric Science} }
@String { jcp    = {Journal of Computational Physics} }
@String { jee    = {Journal of Environmental Engineering} }
@String { jfm    = {Journal of Fluid Mechanics} }
@String { jg     = {Journal of Geology} }
@String { jgr    = {Journal of Geophysical Research} }
@String { jhd    = {Journal of the Hydraulics Division, ASCE} }
@String { jhe    = {Journal of Hydraulic Engineering} }
@String { jhr    = {Journal of Hydraulic Research} }
@String { jm     = {Journal of Meteorology} }
@String { jmr    = {Journal of Marine Research} }
@String { jms    = {Journal of Marine Systems} }
@String { joh    = {Journal of Hydrology} }
@String { josj   = {Journal of the Oceanographical Society of Japan} }
@String { jpo    = {Journal of Physical Oceanography} }
@String { jsp    = {Journal of Sedimentary Petrology} }
@String { jwhce  = {Journal of the Waterways, Harbours and Coastal Engineering Division} }
@String { jwpcf  = {Journal Water Pollution Control Federation} }
@String { jwpco  = {Journal of the Waterway, Port, Coastal and Ocean Division, ASCE} }
@String { marg   = {Marine Geology} }
@String { mc     = {Mathematics of Computation} }
@String { mwr    = {Monthly Weather Review} }
@String { nmif   = {International Journal Numerical Methods In Fluids} }
@String { ocp    = {Oil \& Chemical Pollution} }
@String { oe     = {Ocean Engineering} }
@String { pfa    = {Physics of Fluids A} }
@String { prsl   = {Proceedings of the Royal Society London} }
@String { ptrsl  = {Philosophical transaction of the Royal Society London A} }
@String { qjrms  = {Quarterly Joournal of the Royal Meteorological Society} }
@String { rgsp   = {Review of Geophysics and Space Physics} }
@String { sci    = {Science} }
@String { sed    = {Developments in Sedimentology} }
@String { shh    = {Stochastic Hydrology \& Hydraulics} }
@String { sst    = {Spill Science \& Technology} }
@String { tagu   = {Transactions - American Geophysical Union} }
@String { tasae  = {Transactions of the American Society of AE} }
@String { tud    = {Delft University of Technology, Delft, The Netherlands} }
@String { ut     = {University of Twente, Enschede, The Netherlands} }
@String { wl     = {WL \textbar \ Delft Hydraulics, Delft, The Netherlands} }
@String { wrb    = {Water Resources Bulletin} }
@String { wrr    = {Water Resources Research} }
@String { zamm   = {Zeitschrift f\"ur Angewandte Mathematik und Mechanik} }

@TechReport{BomLeeuwen2020,
  Title                    = {Rivierkundig Onderzoek Krib- en Oeververlaging Pannerdensch Kanaal: Op basis van Definitief Ontwerp (DO).},
  Author                   = {Bom, S. and van Leeuwen, B.},
  Year                     = {2020},
  Number                   = {1996/U20111/F/BvL},
  Institution              = {Sva\v{s}ek Hydraulics, The Netherlands},
  Note                     = {In Dutch},
}

@Book{EngelundH67,
  Title                    = {A monograph on Sediment Transport in Alluvial Streams},
  Author                   = {Engelund, F. and Hansen, E.},
  Publisher                = {Teknisk Forlag, Copenhagen, Denmark},
  Year                     = {1967}
}

@TechReport{Ottevangeretal2016,
  Title                    = {Veroorzakersbeginsel in het Rivierkundig Beoordelingskader. Uitwerking methodiek.},
  Author                   = {Ottevanger, W. and Mosselman, E. and Horv\'ath, K. and Omer, A.},
  Year                     = {2016},
  Number                   = {1230580-000-ZWS-0018},
  Institution              = {Deltares, The Netherlands},
}

@TechReport{DFAST2020,
  Title                    = {Development of D-FAST Tools, D-FAST Bank Erosion, D-FAST Morphological Impact},
  Author                   = {Jagers, H. R. A.},
  Year                     = {2020},
  Institution              = {Deltares, The Netherlands},
}

@TechReport{Paarlberg2009,
  Title                    = {Verificatie WAQmorf: Vergelijking resultaten WAQmorf en Delft2D en advies gebruik vuistregel},
  Author                   = {A. Paarlberg},
  Institution              = {HKV Lijn in water},
  Year                     = {2009},
  Number                   = {PR1720.10},
  Note                     = {In Dutch},
  url                      = {http://simona.deltares.nl/release/doc/techdoc/waqmorf/rapport_Verificatie_WAQmorf.pdf}
}

@TechReport{RIZA2005,
  Title                    = {Morfologische effecten Ruimte voor de Rivier in het Bovenrivierengebied},
  Author                   = {RIZA},
  Year                     = {2005},
  Institution              = {Rijkswaterstaat, The Netherlands},
  Type                     = {Werkdocument},
  Number                   = {2005.044X},
  Note                     = {In Dutch},
}

@TechReport{Sieben2010,
  Title                    = {Methodiek inschatting morfologische effecten in het zomerbed door lokale rivieringrepen},
  Author                   = {A. Sieben},
  Institution              = {Waterdienst, Rijkswaterstaat, The Netherlands},
  Year                     = {2010},
  Type                     = {Memo},
  Note                     = {In Dutch},
  url                      = {http://simona.deltares.nl/release/doc/techdoc/waqmorf/Memo_waqua_vuistregel_update_dec2011.pdf}
}

@TechReport{Waterdienst2008,
  Title                    = {Kennis en instrumenten Maas morfologie: Inventarisatie behoefte monitoring en voorspelgereedschap.},
  Author                   = {A. Sieben},
  Institution              = {Waterdienst, Rijkswaterstaat, The Netherlands},
  Year                     = {2008},
  Note                     = {In Dutch},
}

@TechReport{trm,
  Key                      = {{\dfmi Technical Reference Manual}},
  Institution              = {Deltares, The Netherlands},
  Year                     = {\the\year},
}

@TechReport{um,
  Key                      = {{\dfmi User Manual}},
  Institution              = {Deltares, The Netherlands},
  Year                     = {\the\year},
}

@TechReport{dfmi3_valdoc,
  Title                    = {{\dfmi Validation Document}},
  Institution              = {Deltares, The Netherlands},
  Year                     = {\the\year},
}

@TechReport{Svasek2007,
  Title                    = {WAQUA berekeningen project Over de Maas},
  Author                   = {{Sva\v{s}ek Hydraulics}},
  Institution              = {Rijkswaterstaat, The Netherlands},
  Year                     = {2007},
  Number                   = {1426},
  Note                     = {In Dutch},
}

@TechReport{RIZA2007,
  Title                    = {Calibratie parameters Merwede},
  Author                   = {{RIZA WSR}},
  Institution              = {Rijkswaterstaat, The Netherlands},
  Number                   = {2007-013},
  Year                     = {2007},
}

@TechReport{JagersGiri2022,
  Title                    = {\dfastmi 2022, Part 1: Theory and Algorithms},
  Author                   = {H. R. A. Jagers and S. Giri},
  Institution              = {Deltares, The Netherlands},
  Number                   = {11208033-004-ZWS-0001},
  Year                     = {2022},
}

@TechReport{GiriJagers2022,
  Title                    = {\dfastmi 2022, Part 2: Application in Case Studies and Testing of Algorithms},
  Author                   = {S. Giri and H. R. A. Jagers},
  Institution              = {Deltares, The Netherlands},
  Number                   = {11208033-004-ZWS-0002},
  Year                     = {2022},
}
